<?xml version="1.0" encoding="UTF-8"?><collection xmlns="http://www.loc.gov/MARC21/slim"><record><leader>00536nam--2200145-i-4500</leader><controlfield tag="001">000013366</controlfield><controlfield tag="002">20161230</controlfield><controlfield tag="005">20170305193908</controlfield><controlfield tag="008">060222s1000------------r-----000-0-eng-d</controlfield><datafield ind1=" " ind2=" " tag="100"><subfield code="a">Ceschi, Roger</subfield></datafield><datafield ind1=" " ind2=" " tag="245"><subfield code="a">Contribution a l amelioration des caracteristi ques d un accelerateur electrostatisque van de graaff tandem. conception et realisation d un nouveau systeme de stabilisation de la tension acceleratrice</subfield><subfield code="b">these</subfield></datafield><datafield ind1=" " ind2=" " tag="260"><subfield code="a">Paris</subfield><subfield code="b">Universite</subfield><subfield code="c">1979</subfield></datafield><datafield ind1=" " ind2=" " tag="300"><subfield code="a">188 p</subfield></datafield><datafield ind1=" " ind2=" " tag="852"><subfield code="a">621.384.653(043)</subfield></datafield><datafield ind1=" " ind2=" " tag="CAT"><subfield code="a">SYS</subfield><subfield code="c">20170305</subfield><subfield code="h">193908</subfield></datafield></record></collection>